<?xml version="1.0" encoding="UTF-8"?><collection xmlns="http://www.loc.gov/MARC21/slim"><record><leader>00603nam--2200193-i-4500</leader><controlfield tag="001">000015534</controlfield><controlfield tag="002">20161230</controlfield><controlfield tag="005">20161230201031</controlfield><controlfield tag="008">060222s1000------------r-----000-0-eng-d</controlfield><datafield ind1=" " ind2=" " tag="040"><subfield code="a">IFIN-HH</subfield></datafield><datafield ind1=" " ind2=" " tag="080"><subfield code="a">539.17.02(083)</subfield></datafield><datafield ind1="1" ind2=" " tag="100"><subfield code="a">Muchabghab, S.F</subfield></datafield><datafield ind1="1" ind2="0" tag="245"><subfield code="a">Neutron cross section</subfield><subfield code="b">Vol.1: neutron resonance parameters and thermal cross sections part a z = 1 - 60</subfield><subfield code="c">S.f. muchabghab, m. divadeenam, n.e. holden</subfield></datafield><datafield ind1=" " ind2=" " tag="260"><subfield code="a">New York</subfield><subfield code="b">Academic Press</subfield><subfield code="c">1981</subfield></datafield><datafield ind1=" " ind2=" " tag="300"><subfield code="a">2 PARTI</subfield></datafield><datafield ind1="1" ind2=" " tag="700"><subfield code="a">Holden, N.E</subfield></datafield><datafield ind1="1" ind2=" " tag="787"><subfield code="a">Part Ii</subfield><subfield code="h">/Pag.Dif.</subfield></datafield><datafield ind1=" " ind2=" " tag="852"><subfield code="a">72790</subfield><subfield code="c">539.17</subfield></datafield><datafield ind1=" " ind2=" " tag="CAT"><subfield code="a">Sys</subfield><subfield code="c">20120625</subfield><subfield code="h">105904</subfield></datafield></record></collection>